@book{edgar,
    author = "Gerald A. Edgar",
    title = "Measure, Topology and Fractal Geometry",
    year = "2007"
}
@book{falconer,
    author = "Kenneth Falconer",
    title = "Fractal Geometry",
    year = "1989"
}
@book{stillwell,
    author = "John Stillwell",
    title = "Mathematics and Its History",
    year = "2010"
}
@book{schilling,
    author = "Rene E. Schilling",
    title = "Measures, Integragls and Martingales",
    year = "2005"
}
@book{apostol,
    author = "Tom M. Apostol",
    title = "Mathematical Analysis",
    year = "1973"
}
@book{mandelbrot,
    author = "Benoit B. Mandelbrot",
    title = "The Fractal Geometry of Nature",
    year = "1982"
}
@book{strogatz,
    author = "Steven H. Strogatz",
    title = "Non-linear Dynamics and Chaos",
    year = "1994"
}

%@misc{ Nobody06,
       author = "Nobody Jr",
       title = "My Article",
       year = "2006"
}

%@inproceedings{kendall2007practical,
  title={Practical malware analysis},
  author={Kendall, Kris and McMillan, Chad},
  booktitle={Black Hat Conference, USA},
  pages={10},
  year={2007}
}

%@article{cmu-malware,
  title={Malware Capability Development Patterns Respond To Defenses: Two Case Studies},
  author={Oâ€™Meara, Kyle and Shick, Deana and Spring, Jonathan and Stoner, Edward},
  year={2016}
}

%@online{cyber-killchain,
	title = {Cyber Kill Chain},
	url = {http://cyber.lockheedmartin.com/solutions/cyber-kill-chain
},
	titleaddon = {{Lockheed Martin}},
	urldate = {2016-03-20}
}
